@misc{Griffiths_2020, 
    title={Neutron diffusion}, 
    url={https://www.academia.edu/35852464/Neutron_diffusion}, 
    journal={Academia.edu}, 
    publisher={University of London}, 
    author={Griffiths, Graham. W}, 
    year={2020}, 
    month={Jan}
} 
@misc{Nuclear_Power_2021, 
    url={https://www.nuclear-power.com/nuclear-power/reactor-physics/neutron-diffusion-theory/}, 
    journal={Nuclear Power}, 
    year={2021}, 
    month={Oct},
    title={Neutron Diffusion Theory}
} 
@book{Serber_Rhodes_2020, 
    place={Oakland},
    title={The Los Alamos Primer the first lectures on how to build an atomic bomb Robert Serber ; annotated by Robert Serber ; updated with a new introduction by Richard Rhodes}, 
    publisher={University of California Press}, 
    author={Serber, R. and Rhodes, Richard}, 
    year={2020}
} 