@misc{Griffiths_2020, 
    title={Neutron diffusion}, 
    url={https://www.academia.edu/35852464/Neutron_diffusion}, 
    journal={Academia.edu}, 
    publisher={University of London}, 
    author={Griffiths, Graham. W}, 
    year={2020}, 
    month={Jan}
} 
@misc{Nuclear_Power_2021, 
    url={https://www.nuclear-power.com/nuclear-power/reactor-physics/neutron-diffusion-theory/}, 
    journal={Nuclear Power}, 
    year={2021}, 
    month={Oct},
    title={Neutron Diffusion Theory}
} 
@book{Serber_Rhodes_2020, 
    place={Oakland},
    title={The Los Alamos Primer the first lectures on how to build an atomic bomb Robert Serber ; annotated by Robert Serber ; updated with a new introduction by Richard Rhodes}, 
    publisher={University of California Press}, 
    author={Serber, R. and Rhodes, Richard}, 
    year={2020}
} 
Smil, V. (2023, March 29). Explosive power beats even Mooreâ€™s law. IEEE Spectrum. https://spectrum.ieee.org/nuclear-bomb 

Neutron References:

TSAR BOMBA JOULES NUMBER:
https://spectrum.ieee.org/nuclear-bomb#:~:text=On%2030%20October%201961%2C%20the,of%20TNT%2C%20or%20210%20petajoules.