@misc{Griffiths_2020, 
    title={Neutron diffusion}, 
    url={https://www.academia.edu/35852464/Neutron_diffusion}, 
    journal={Academia.edu}, 
    publisher={University of London}, 
    author={Griffiths, Graham. W}, 
    year={2020}, 
    month={Jan}
} 

@misc{Nuclear_Power_2021, 
    url={https://www.nuclear-power.com/nuclear-power/reactor-physics/neutron-diffusion-theory/}, 
    journal={Nuclear Power}, 
    year={2021}, 
    month={Oct},
    title={Neutron Diffusion Theory}
} 

@book{Serber_Rhodes_2020, 
    place={Oakland},
    title={The Los Alamos Primer: The first lectures on how to build an atomic bomb}, 
    publisher={University of California Press}, 
    author={Serber, R. and Rhodes, Richard}, 
    year={2020}
} 

@misc{Python-Floating-Point-Error, 
    title={Floating-Point Arithmetic}, 
    url={https://docs.python.org/3/tutorial/floatingpoint.html}, 
    abstract={Floating-point numbers are represented in computer hardware as base 2 (binary) fractions. For example, the decimal fraction 0.625 has value 6/10 + 2/100 + 5/1000, and in the same way the binary fraction...}, 
    journal={Python Documentation}, 
    language={en}
}

@misc{TSAR_Bomba_number, 
    title={Explosive Power Beats Even Moore's Law}, 
    url={https://spectrum.ieee.org/nuclear-bomb}, 
    abstract={The power of destructiveness is the most impressive metric of modern technology}, 
    language={en}
}

@misc{History, 
    title={Brownian Motion and the Heat Equation}, 
    url={https://uregina.ca/~kozdron/Research/UgradTalks/BM_and_Heat/heat_and_BM.pdf}, 
    journal={Lectures prepared for ACSC 456 (Winter 2008), U. Regina}, 
    author={Kozdron, Michael J.}, 
    year={2008}, 
    pages={6}, 
    language={en} 
}

@misc{3D-Heat-Eqn-Soln, 
    title={Heat Equation in 3D Solution}, 
    url={https://www.google.com/search?client=firefox-b-d&q=Heat+equation+in+3D+solution#fpstate=ive&vld=cid:52353769,vid:xkk6QW4FyZc,st:0}
}

@misc{Diffusion-Defn, 
    title={Diffusion}, 
    url={https://phys.libretexts.org/Bookshelves/University_Physics/Physics_(Boundless)/12%3A_Temperature_and_Kinetic_Theory/12.9%3A_Diffusion}, 
    abstract={Diffusion is the movement of particles from regions of high concentration towards regions of lower concentration.}, 
    journal={Physics LibreTexts}, 
    year={2018}, 
    month={Jul}, 
    language={en}
}
